@misc{ wiki:msl,
   key = "57757537",
   title = "{Metoda Sainte-Laguë}",
   howpublished = "[online]",
   month = "październik",
   year = "2019",
   note = "[dostęp: 2020-01-04 19:29Z]",
   annote = "Dostępny w Internecie: \url{//pl.wikipedia.org/wiki/Metoda_Sainte-Lagu%C3%AB?oldid=57757537}"
}
@misc{ wiki:vd,
   key = "57756362",
   title = "{Victor D’Hondt}",
   howpublished = "[online]",
   month = "październik",
   year = "2019",
   note = "[dostęp: 2020-01-05 10:44Z]",
   annote = "Dostępny w Internecie: \url{//pl.wikipedia.org/wiki/Victor_D%E2%80%99Hondt?oldid=57756362}"
}
@misc{ wiki:md,
   key = "57766554",
   title = "{Metoda D’Hondta}",
   howpublished = "[online]",
   month = "październik",
   year = "2019",
   note = "[dostęp: 2020-01-05 10:45Z]",
   annote = "Dostępny w Internecie: \url{//pl.wikipedia.org/wiki/Metoda_D%E2%80%99Hondta?oldid=57766554}"
}
@misc{ wiki:mhn,
   key = "57795978",
   title = "{Metoda Hare’a-Niemeyera}",
   howpublished = "[online]",
   month = "październik",
   year = "2019",
   note = "[dostęp: 2020-01-05 10:45Z]",
   annote = "Dostępny w Internecie: \url{//pl.wikipedia.org/wiki/Metoda_Hare%E2%80%99a-Niemeyera?oldid=57795978}"
}
@misc{ mhn,
  author = {{www.algorytm.org}},
  title = "Metoda Hare-Niemeyer'a - Algorytmy i Struktury Danych",
  year = "2006",
  url = "http://www.algorytm.org/systemy-wyborcze/metoda-hare-niemeyera.html",
  note = "[Online; accessed 10-October-2019]"
}
@misc{ uj,
  author = {{ nauka.uj.edu.pl }},
  title = "www.NAUKA.uj.edu.pl - Nauka - Uniwersytet Jagielloński",
  url = "https://nauka.uj.edu.pl/aktualnosci/-/journal_content/56_INSTANCE_Sz8leL0jYQen/74541952/104722388",
  note = "[Online; accessed 10-October-2019]"
}
@misc{ tdos,
  author = {{ main.knesset.gov.il }},
  title = "The Distribution of Seats Among the Lists",
  url = "https://main.knesset.gov.il/en/mk/pages/elections.aspx",
}
